@article{
	volume_data,
	author={Arne Horst},
	title={{Amount of data created, consumed, and stored 2010-2025}},
	year={2021},
	note={online at: https://www.statista.com/statistics/871513/worldwide-data-created/}
}

@book{
	hadoop_beginner,
	author={Garry Turkington},
	title={{Hadoop beginner's guide}},
	year={2013}
}

@article{
	gfs,
	author={Sanjay Ghemawat, Howard Gobioff and Shun-Tak Leung },
	title={{The Google File System}},
	year={2003},
	note={online at: https://research.google/pubs/pub51/}
}

@article{
	gmr,
	author={Jeffrey Dean and Sanjay Ghemawat },
	title={{MapReduce: Simplified Data Processing on Large Clusters }},
	year={2004},
	note={online at: https://research.google/pubs/pub62/}
}

@article{
	yarn,
	author={Apache foundation},
	title={{Apache Yarn}},
	note={online at: https://hadoop.apache.org/docs/stable/hadoop-yarn/hadoop-yarn-site/YARN.html}
}

@article{
	apache_hive,
	author={Apache foundation},
	title={{Apache Hive}},
	note={online at: https://hive.apache.org/}
}

@article{
	apache_pig,
	author={Apache foundation},
	title={{Apache Pig}},
	note={online at: https://pig.apache.org/}
}

@article{
	apache_zookeeper,
	author={Apache foundation},
	title={{Apache Zookeeper}},
	note={online at: https://zookeeper.apache.org/}
}

@article{
	apache_flume,
	author={Apache foundation},
	title={{Apache Flume}},
	note={online at: https://flume.apache.org/}
}

@article{
	presto,
	author={Presto foundation},
	title={Presto},
	note={online at: https://prestodb.io/}
}

@article{
	apache_kafka,
	author={Apache foundation},
	title={{Apache Kafka}},
	note={online at: https://kafka.apache.org/}
}

@book{
	hadoop_learning,
	author={Garry Turkington and Gabriele Modena},
	title={{Learning Hadoop 2}},
	year={2015}
}

@article{
	hadoop_arch_guide,
	author={Apache foundation},
	title={{HDFS Architecture Guide}},
	note={online at: https://hadoop.apache.org/docs/}
}

@article{
	spark_streaming,
	author={Apache Spark},
	title={{Structured Streaming Programming Guide}},
	note={online at: https://spark.apache.org/docs/latest/structured-streaming-programming-guide.html}
}

@book{
	spark_guide,
	author={Bill Chambers and Matei Zaharia},
	title={Spark: The definitive guide},
	year={2018}
}

@article{
	spark_rdd,
	author={Apache Spark},
	title={{RDD Programming Guide}},
	note={online at: https://spark.apache.org/docs/latest/rdd-programming-guide.html}
}

@book{
	scala_prog,
	title={{Programming in Scala, First edition}},
	author={Martin Odersky, Lex Spoon and Bill Venners},
	year={2008}
}

@article{
	odysee_article,
	title={Odysee aims to build a more freewheeling, independent video platform},
	author={Anthony Ha},
	year={2020},
	note={online at: https://techcrunch.com/2020/12/07/odysee-launch/}
}

@article{
	lbry,
	title={LBRY},
	note={online at: https://lbry.com/}
}

@article{
	coinbase_web3,
	title={Understanding Web 3 â€” A User Controlled Internet},
	author={Emre Tekisalp},
	year={2018},
	note={online at: https://blog.coinbase.com/understanding-web-3-a-user-controlled-internet-a39c21cf83f3}
}

@article{
	w3c_semantic,
	title={Semantic web},
	author={W3C}
}

@book{
	semantic,
	title={Foundations of Semantic web technologies},
	year={2010},
	author={Pascal Hitzler, Marcus Krotzsch and Sebastian Rudolph}
}

@article{
	osm_wiki,
	title={OpenStreetMap wiki},
	author={OpenStreetMap Foundation},
	note={online at: https://wiki.openstreetmap.org/}
}

@article{
	osm_xml,
	title={{OSM XML}},
	author={OpenStreetMap Foundation},
	note={online at: https://wiki.openstreetmap.org/wiki/OSM\_XML}
}

@article{
	google_maps,
	title={{Google Maps}},
	author={Google},
	note={online at: https://www.google.com/maps/}
}